<record><leader>00000cas a22000007a 4500</leader><controlfield tag="001">13801405</controlfield><controlfield tag="008">860630d18891921nyuwr n       0    0eng d</controlfield><datafield ind1=" " ind2=" " tag="010"><subfield code="a">sn 86032480 </subfield></datafield><datafield ind1=" " ind2=" " tag="040"><subfield code="a">NYG</subfield><subfield code="b">eng</subfield><subfield code="c">NYG</subfield><subfield code="d">NYS</subfield><subfield code="d">NYG</subfield><subfield code="d">OCLCQ</subfield></datafield><datafield ind1=" " ind2=" " tag="042"><subfield code="a">msc</subfield></datafield><datafield ind1="0" ind2="4" tag="245"><subfield code="a">The Canastota bee.</subfield></datafield><datafield ind1="1" ind2="7" tag="246"><subfield code="a">Bee</subfield></datafield><datafield ind1=" " ind2=" " tag="260"><subfield code="a">Canastota, N.Y. :</subfield><subfield code="b">Charles H. Skelton,</subfield><subfield code="c">1889-1921.</subfield></datafield><datafield ind1=" " ind2=" " tag="300"><subfield code="a">v.</subfield></datafield><datafield ind1=" " ind2=" " tag="310"><subfield code="a">Weekly</subfield></datafield><datafield ind1="0" ind2=" " tag="362"><subfield code="a">Vol. 1, no. 1 (June 22, 1889)-whole no. 2881 (Feb. 26, 1921).</subfield></datafield><datafield ind1=" " ind2=" " tag="500"><subfield code="a">Publishers: Charles H. Skelton, 1889-1890; Bee Pub. Co., 1890-1921.</subfield></datafield><datafield ind1=" " ind2="4" tag="651"><subfield code="a">Canastota (N.Y.)</subfield><subfield code="v">Newspapers.</subfield></datafield><datafield ind1=" " ind2=" " tag="752"><subfield code="a">United States</subfield><subfield code="b">New York</subfield><subfield code="c">Madison</subfield><subfield code="d">Canastota.</subfield></datafield><datafield ind1="0" ind2="5" tag="780"><subfield code="t">Canastota herald</subfield><subfield code="w">(DLC)sn 83031472</subfield><subfield code="w">(OCoLC)9880118</subfield></datafield><datafield ind1="0" ind2="7" tag="785"><subfield code="t">Canastota journal</subfield></datafield><datafield ind1="0" ind2="7" tag="785"><subfield code="t">Canastota bee-journal</subfield><subfield code="w">(DLC)sn 88075810</subfield><subfield code="w">(OCoLC)18555580</subfield></datafield><datafield ind1="1" ind2=" " tag="029"><subfield code="a">AU@</subfield><subfield code="b">000025789864</subfield></datafield></record>